@article{InternetAndSocialMediaAddiction,
  title={Internet and social media addiction},
  author={Nakaya, Andrea C},
  journal={Webology},
  volume={12},
  number={2},
  pages={1--3},
  year={2015}
}

@article {SelfControlling,
      author = "Damien Brevers and Ofir Turel",
      title = "Strategies for self-controlling social media use: Classification and role in preventing social media addiction symptoms",
      journal = "Journal of Behavioral Addictions",
      year = "2019",
      publisher = "Akadémiai Kiadó",
      address = "Budapest, Hungary",
      volume = "8",
      number = "3",
      doi = "10.1556/2006.8.2019.49",
      pages=      "554 - 563",
      url = "https://akjournals.com/view/journals/2006/8/3/article-p554.xml"
}

@article{UniversityStudents,
author = {Hawi, Nazir S and Samaha, Maya},
address = {Los Angeles, CA},
copyright = {The Author(s) 2016},
issn = {0894-4393},
journal = {Social science computer review},
number = {5},
language = {eng},
publisher = {SAGE Publications},
title = {The Relations Among Social Media Addiction, Self-Esteem, and Life Satisfaction in University Students},
volume = {35},
year = {2017},
pages = {576-586},
}

@article{ProblematicUse,
  title={Problematic social media use: Results from a large-scale nationally representative adolescent sample},
  author={B{\'a}nyai, Fanni and Zsila, {\'A}gnes and Kir{\'a}ly, Orsolya and Maraz, Aniko and Elekes, Zsuzsanna and Griffiths, Mark D and Andreassen, Cecilie Schou and Demetrovics, Zsolt},
  journal={PloS one},
  volume={12},
  number={1},
  pages={e0169839},
  year={2017},
  publisher={Public Library of Science}
}

@article{Repercussions,
  title={Use of social networking sites (SNSs) and its repercussions on sleep quality, psychosocial behavior, academic performance and circadian rhythm of humans--a brief review},
  author={Kumar Swain, Rakesh and Pati, Atanu Kumar},
  journal={Biological Rhythm Research},
  volume={52},
  number={8},
  pages={1139--1178},
  year={2021},
  publisher={Taylor \& Francis}
}

@article{History,
  title={Social network sites: Definition, history, and scholarship},
  author={Boyd, Danah M and Ellison, Nicole B},
  journal={Journal of computer-mediated Communication},
  volume={13},
  number={1},
  pages={210--230},
  year={2007},
  publisher={Wiley Online Library}
}

 @misc{TotalUse,
 title={Social media usage in U.S.}, url={https://www.statista.com/statistics/273476/percentage-of-us-population-with-a-social-network-profile/}, journal={Statista}, publisher={Statista Research Department}, year={2021}, month={Nov}} 
 
  @misc{MostPopular, 
  title={Most used social media 2021}, url={https://www.statista.com/statistics/272014/global-social-networks-ranked-by-number-of-users/}, journal={Statista}, publisher={Statista Research Department}, year={2021}, month={Nov}} 
  
  @article{Intervention,
  title={Social media addiction: Its impact, mediation, and intervention},
  author={Hou, Yubo and Xiong, Dan and Jiang, Tonglin and Song, Lily and Wang, Qi},
  journal={Cyberpsychology: Journal of psychosocial research on cyberspace},
  volume={13},
  number={1},
  year={2019}
}

@article{Ethics,
  title={Ethics of the attention economy: The problem of social media addiction},
  author={Bhargava, Vikram R and Velasquez, Manuel},
  journal={Business Ethics Quarterly},
  volume={31},
  number={3},
  pages={321--359},
  year={2021},
  publisher={Cambridge University Press}
}